@article{Meisner2019,
   author = {Meisner, Jonas and Albrechtsen, Anders},
   title = {Testing for Hardyâ€“Weinberg equilibrium in structured populations using genotype or low-depth next generation sequencing data},
   journal = {Molecular Ecology Resources},
   volume = {19},
   number = {5},
   pages = {1144-1152},
   doi = {10.1111/1755-0998.13019},
   year = {2019}
}
@article {Meisner2018,
	author = {Meisner, Jonas and Albrechtsen, Anders},
	title = {Inferring Population Structure and Admixture Proportions in Low-Depth NGS Data},
	volume = {210},
	number = {2},
	pages = {719--731},
	year = {2018},
	doi = {10.1534/genetics.118.301336},
	journal = {Genetics}
}
@article{Nielsen2012,
    doi = {10.1371/journal.pone.0037558},
    author = {Nielsen, Rasmus AND Korneliussen, Thorfinn AND Albrechtsen, Anders AND Li, Yingrui AND Wang, Jun},
    journal = {PLoS ONE},
    title = {SNP Calling, Genotype Calling, and Sample Allele Frequency Estimation from New-Generation Sequencing Data},
    year = {2012},
    month = {07},
    volume = {7},
    pages = {1-10},
    number = {7}
}
@article {Fumagalli2013,
	author = {Fumagalli, Matteo and Vieira, Filipe G. and Korneliussen, Thorfinn Sand and Linderoth, Tyler and Huerta-S{\'a}nchez, Emilia and Albrechtsen, Anders and Nielsen, Rasmus},
	title = {Quantifying Population Genetic Differentiation from Next-Generation Sequencing Data},
	volume = {195},
	number = {3},
	pages = {979--992},
	year = {2013},
	doi = {10.1534/genetics.113.154740},
	journal = {Genetics}
}
@article{Skotte2013,
    author = {Skotte, Line and Korneliussen, Thorfinn Sand and Albrechtsen, Anders},
    title = "{Estimating Individual Admixture Proportions from Next Generation Sequencing Data}",
    journal = {Genetics},
    volume = {195},
    number = {3},
    pages = {693--702},
    year = {2013},
    doi = {10.1534/genetics.113.154138}
}
