@article{Gompert2011,
    author = {Gompert, Zachariah and Buerkle, C. Alex},
    title = {Bayesian estimation of genomic clines},
    journal = {Molecular Ecology},
    volume = {20},
    number = {10},
    pages = {2111-2127},
    doi = {https://doi.org/10.1111/j.1365-294X.2011.05074.x},
    year = {2011}
}
@article{Gompert2012,
    author = {Gompert, Z. and Buerkle, C. A.},
    title = {bgc: Software for Bayesian estimation of genomic clines},
    journal = {Molecular Ecology Resources},
    volume = {12},
    number = {6},
    pages = {1168-1176},
    doi = {https://doi.org/10.1111/1755-0998.12009.x}
    year = {2012}
}