@article{Shi1988,
   title = {A note on the delete-\emph{d} Jackknife variance estimators},
   author = {Shi, X.},
   year = {1988},
   journal = {Statistics & Probability Letters},
   volume = {6},
   pages = {341--347}
}