@article{Korneliussen2014,
   title = {ANGSD: Analysis of Next Generation Sequencing Data},
   author = {Korneliussen, Throfinn S. and Albrechtsen, Anders and Nielsen, Rasmus},
   journal = {BMC Bioinformatics},
   volume = {15},
   pages = {356},
   year = {2014},
   doi = {10.1186/s12859-014-0356-4}
}
@article{Browning2021,
   title = {Fast two-stage phasing of large-scale sequence data},
   author = {Browning, Brian L. and Tian, Xiaowen and Zhou, Ying and Browning, Sharon R.},
   journal = {The American Journal of Human Genetics},
   volume = {108},
   number = {10},
   pages = {1880--1890},
   year = {2021},
   doi = {10.1016/j.ajhg.2021.08.005}
}
@article{Browning2018,
    title = {A One-Penny Imputed Genome from Next-Generation Reference Panels},
    journal = {The American Journal of Human Genetics},
    volume = {103},
    number = {3},
    pages = {338-348},
    year = {2018},
    doi = {10.1016/j.ajhg.2018.07.015},
    author = {Brian L. Browning and Ying Zhou and Sharon R. Browning}
}
@misc{Garrison2012,
    title={Haplotype-based variant detection from short-read sequencing},
    author={Erik Garrison and Gabor Marth},
    year={2012},
    eprint={1207.3907},
    archivePrefix={arXiv},
    primaryClass={q-bio.GN}
}
