@article{Messer2013,
   title={Frequent adaptation and the {McDonald-Kreitman} test},
   author={Messer, Philipp W. and Petrov, Dmitri A.},
   year={2013},
   journal={Proceedings of the National Academy of Sciences of the United States of America},
   volume={110},
   number={21},
   pages={8615-8620},
   doi={https://doi.org/10.1073/pnas.1220835110}
}