@article{Foll2008,
	author = {Foll, Matthieu and Gaggiotti, Oscar},
	title = {A Genome-Scan Method to Identify Selected Loci Appropriate for Both Dominant and Codominant Markers: A Bayesian Perspective},
	volume = {180},
	number = {2},
	pages = {977--993},
	year = {2008},
	doi = {10.1534/genetics.108.092221},
	journal = {Genetics}
}
@article{Beaumont2004,
  author = {Beaumont, Mark A. and Balding, David J.},
  title = {Identifying adaptive genetic divergence among populations from genome scans},
  year = {2004},
  journal = {Molecular Ecology},
  volume = {13},
  pages = {969--980},
  doi = {10.1111/j.1365-294X.2004.02125.x}
}
@article{Caniglia2018,
  author = {Caniglia, R. and Fabbri, E. and Hulva, P. and Černá Bolfíková, B. and Jindřichová, M. and Vik Stronen, A. and Dykyy, I and Camatta, A. and Carnier, P. and Randi, E. and Galaverni, M.},
  title = {Wolf outside, dog inside? The genomic make-up of the Czechoslovakian wolfdog},
  year = {2018},
  journal = {BMC Genomics},
  number = {19},
  pages = {533},
  doi = {10.1186/s12864-018-4916-2}
}